<record><leader>00000cas a22000007a 4500</leader><controlfield tag="001">14696416</controlfield><controlfield tag="008">861110d18701871txuwr ne      0    0eng d</controlfield><datafield ind1=" " ind2=" " tag="010"><subfield code="a">sn 86090184 </subfield></datafield><datafield ind1=" " ind2=" " tag="040"><subfield code="a">PPM</subfield><subfield code="b">eng</subfield><subfield code="c">PPM</subfield><subfield code="d">OCLCQ</subfield></datafield><datafield ind1=" " ind2=" " tag="042"><subfield code="a">msc</subfield></datafield><datafield ind1="0" ind2="4" tag="245"><subfield code="a">The Hempstead reporter.</subfield></datafield><datafield ind1="1" ind2="3" tag="246"><subfield code="a">Hempstead weekly reporter</subfield></datafield><datafield ind1=" " ind2=" " tag="260"><subfield code="a">Hempstead, Tex. :</subfield><subfield code="b">J.G. Rankin,</subfield><subfield code="c">1870-1871.</subfield></datafield><datafield ind1=" " ind2=" " tag="300"><subfield code="a">2 v. :</subfield><subfield code="b">ill. ;</subfield><subfield code="c">45 cm.</subfield></datafield><datafield ind1=" " ind2=" " tag="310"><subfield code="a">Weekly</subfield></datafield><datafield ind1="0" ind2=" " tag="362"><subfield code="a">Vol. 1, no. 1 (Jan. 1, 1870)-v. 2, no. 7 (Feb. 17, 1871).</subfield></datafield><datafield ind1=" " ind2=" " tag="500"><subfield code="a">First six issues titled: Hempstead weekly reporter.</subfield></datafield><datafield ind1=" " ind2=" " tag="752"><subfield code="a">United States</subfield><subfield code="b">Texas</subfield><subfield code="c">Waller</subfield><subfield code="d">Hempstead.</subfield></datafield></record>